@misc{LinodeWindows,
  author       = {{Scott Lott}},
  title        = {{Installing Windows on a Linode VPS}},
  year         = {2023},
  url          = {https://github.com/only-cliches/docs/blob/windows-on-linode/docs/tools-reference/windows-on-linode/installing-windows-on-linode-vps.md},
  note         = {Accessed: 2024-10-26},
}
