@misc{enwiki:1248667707,
  author = {{Wikipedia contributors}},
  title = {{Sysinternals --- Wikipedia, The Free Encyclopedia}},
  year = {2024},
  url = {https://en.wikipedia.org/w/index.php?title=Sysinternals&oldid=1248667707},
  note = {Accessed: 2024-10-27}
}

@misc{microsoft-sysinternals,
  author = {{Microsoft}},
  title = {{Microsoft Sysinternals Documentation}},
  year = {2024},
  url = {https://learn.microsoft.com/en-us/sysinternals/},
  note = {Accessed: 2024-10-26},
}

@misc{virus-total,
  author = {{VirusTotal contributors}},
  title = {{VirusTotal Documentation Hub}},
  year = {2024},
  url = {https://docs.virustotal.com/},
  note = {Accessed: 2024-10-28}
}

@misc{LinodeWindows,
  author = {{Scott Lott}},
  title = {{Installing Windows on a Linode VPS}},
  year = {2023},
  url = {https://github.com/only-cliches/docs/blob/windows-on-linode/docs/tools-reference/windows-on-linode/installing-windows-on-linode-vps.md},
  note = {Accessed: 2024-10-26},
}

@misc{sysinternals-russinovich,
  author       = "{Mark Russinovich}",
  title        = "{License to Kill: Malware Hunting with the Sysinternals Tools}",
  howpublished = "{YouTube Video}",
  year         = 2020,
  url          = "https://www.youtube.com/watch?v=A_TPZxuTzBU",
  note         = "[Online; accessed 14-Nov-2024]"
}

@misc{sysinternals-overview,
  author       = "{Windows IT Pro}",
  title        = "{Sysinternals Overview | Microsoft, tools, utilities, demos}",
  howpublished = "{YouTube Video}",
  year         = 2022,
  url          = "https://www.youtube.com/watch?v=6RqFPrCcWfY",
  note         = "[Online; accessed 14-Nov-2024]"
}

% malvér 1
@misc{malware_samples_fabrimagic72_1,
  author       = "{Fabrizio Monaco}",
  title        = "{Malware Samples Repository}",
  year         = "{2020}",
  url          = "{https://github.com/fabrimagic72/malware-samples/tree/master}",
  note         = "{Accessed: 2024-11-20}"
}

%malvér 2-4
@misc{malware_samples_jstrosch_2_4,
  author       = "{Josh Stroschein}",
  title        = "{Malware Samples Repository}",
  year         = "{2024}",
  url          = "{https://github.com/jstrosch/malware-samples}",
  note         = "{Accessed: 2024-11-20}"
}
